@book{markdeberg,
    title = {Computational Geometry, Algorithms and Applications},
    author = {Mark de Berg},
    author = {Otfried Cheong},
    year = {1989}
}